

@article{seth2018opensim,
	title={OpenSim: Simulating musculoskeletal dynamics and neuromuscular control to study human and animal movement},
	author={Seth, Ajay and Hicks, Jennifer L and Uchida, Thomas K and Habib, Ayman and Dembia, Christopher L and Dunne, James J and Ong, Carmichael F and DeMers, Matthew S and Rajagopal, Apoorva and Millard, Matthew and others},
	journal={PLoS computational biology},
	volume={14},
	number={7},
	pages={e1006223},
	year={2018},
	publisher={Public Library of Science San Francisco, CA USA}
}

@article{christophy2012musculoskeletal,
	title={A musculoskeletal model for the lumbar spine},
	author={Christophy, Miguel and Faruk Senan, Nur Adila and Lotz, Jeffrey C and Oâ€™Reilly, Oliver M},
	journal={Biomechanics and modeling in mechanobiology},
	volume={11},
	pages={19--34},
	year={2012},
	publisher={Springer}
}

@article{demers2017preparatory,
	title={Preparatory co-activation of the ankle muscles may prevent ankle inversion injuries},
	author={DeMers, Matthew S and Hicks, Jennifer L and Delp, Scott L},
	journal={Journal of biomechanics},
	volume={52},
	pages={17--23},
	year={2017},
	publisher={Elsevier}
}

@article{homayouni2015modeling,
	title={Modeling implantable passive mechanisms for modifying the transmission of forces and movements between muscle and tendons},
	author={Homayouni, Taymaz and Underwood, Kelsey N and Beyer, Kamin C and Martin, Elon R and Allan, Christopher H and Balasubramanian, Ravi},
	journal={IEEE Transactions on Biomedical Engineering},
	volume={62},
	number={9},
	pages={2208--2214},
	year={2015},
	publisher={IEEE}
}

@article{rankin2016inferring,
	title={Inferring muscle functional roles of the ostrich pelvic limb during walking and running using computer optimization},
	author={Rankin, Jeffery W and Rubenson, Jonas and Hutchinson, John R},
	journal={Journal of the Royal Society Interface},
	volume={13},
	number={118},
	pages={20160035},
	year={2016},
	publisher={The Royal Society}
}

@article{jakicic2016effect,
	title={Effect of wearable technology combined with a lifestyle intervention on long-term weight loss: the IDEA randomized clinical trial},
	author={Jakicic, John M and Davis, Kelliann K and Rogers, Renee J and King, Wendy C and Marcus, Marsha D and Helsel, Diane and Rickman, Amy D and Wahed, Abdus S and Belle, Steven H},
	journal={Jama},
	volume={316},
	number={11},
	pages={1161--1171},
	year={2016},
	publisher={American Medical Association}
}

@article{learning2018learning,
	title={Learning to Run Challenge: Synthesizing Physiologically Accurate Motion Using},
	author={Learning, Deep Reinforcement},
	journal={The NIPS'17 Competition: Building Intelligent Systems},
	pages={101},
	year={2018},
	publisher={Springer}
}

@article{rajagopal2020pre,
	title={Pre-operative gastrocnemius lengths in gait predict outcomes following gastrocnemius lengthening surgery in children with cerebral palsy},
	author={Rajagopal, Apoorva and Kidzi{\'n}ski, {\L}ukasz and McGlaughlin, Alec S and Hicks, Jennifer L and Delp, Scott L and Schwartz, Michael H},
	journal={PLoS One},
	volume={15},
	number={6},
	pages={e0233706},
	year={2020},
	publisher={Public Library of Science San Francisco, CA USA}
}

@article{halilaj2018machine,
	title={Machine learning in human movement biomechanics: Best practices, common pitfalls, and new opportunities},
	author={Halilaj, Eni and Rajagopal, Apoorva and Fiterau, Madalina and Hicks, Jennifer L and Hastie, Trevor J and Delp, Scott L},
	journal={Journal of biomechanics},
	volume={81},
	pages={1--11},
	year={2018},
	publisher={Elsevier}
}

@article{biswas2015sedentary,
	title={Sedentary time and its association with risk for disease incidence, mortality, and hospitalization in adults: a systematic review and meta-analysis},
	author={Biswas, Aviroop and Oh, Paul I and Faulkner, Guy E and Bajaj, Ravi R and Silver, Michael A and Mitchell, Marc S and Alter, David A},
	journal={Annals of internal medicine},
	volume={162},
	number={2},
	pages={123--132},
	year={2015},
	publisher={American College of Physicians}
}

@incollection{world2010global,
	title={Global recommendations on physical activity for health},
	author={World Health Organization, t and others},
	booktitle={Global recommendations on physical activity for health},
	pages={60--60},
	year={2010}
}

@article{dwivedi2025digital,
	title={Digital Health Market Size, Future Scope, Demands and Projected Industry Growth by 2030},
	author={Dwivedi, Ankit},
	year={2025}
}

@article{hamner2013muscle,
	title={Muscle contributions to fore-aft and vertical body mass center accelerations over a range of running speeds},
	author={Hamner, Samuel R and Delp, Scott L},
	journal={Journal of biomechanics},
	volume={46},
	number={4},
	pages={780--787},
	year={2013},
	publisher={Elsevier}
}

@article{althoff2017large,
	title={Large-scale physical activity data reveal worldwide activity inequality},
	author={Althoff, Tim and Sosi{\v{c}}, Rok and Hicks, Jennifer L and King, Abby C and Delp, Scott L and Leskovec, Jure},
	journal={Nature},
	volume={547},
	number={7663},
	pages={336--339},
	year={2017},
	publisher={Nature Publishing Group UK London}
}

@article{lin2018noninvasive,
	title={Noninvasive neuromodulation in essential tremor demonstrates relief in a sham-controlled pilot trial},
	author={Lin, Peter T and Ross, Erika K and Chidester, Paula and Rosenbluth, Kathryn H and Hamner, Samuel R and Wong, Serena H and Sanger, Terence D and Hallett, Mark and Delp, Scott L},
	journal={Movement Disorders},
	volume={33},
	number={7},
	pages={1182},
	year={2018}
}

@article{simpson2019connecting,
	title={Connecting the legs with a spring improves human running economy},
	author={Simpson, Cole S and Welker, Cara G and Uhlrich, Scott D and Sketch, Sean M and Jackson, Rachel W and Delp, Scott L and Collins, Steve H and Selinger, Jessica C and Hawkes, Elliot W},
	journal={Journal of Experimental Biology},
	volume={222},
	number={17},
	pages={jeb202895},
	year={2019},
	publisher={The Company of Biologists Ltd}
}

@article{lee2017reducing,
	title={Reducing the metabolic cost of running with a tethered soft exosuit},
	author={Lee, Giuk and Kim, J and Panizzolo, FA and Zhou, Yu Meng and Baker, LM and Galiana, I and Malcolm, Philippe and Walsh, CJ},
	journal={Science Robotics},
	volume={2},
	number={6},
	pages={eaan6708},
	year={2017},
	publisher={American Association for the Advancement of Science}
}

@article{umberger2003model,
	title={A model of human muscle energy expenditure},
	author={Umberger, Brian R and Gerritsen, Karin GM and Martin, Philip E},
	journal={Computer methods in biomechanics and biomedical engineering},
	volume={6},
	number={2},
	pages={99--111},
	year={2003},
	publisher={Taylor \& Francis}
}

@article{uchida2016simulating,
	title={Simulating ideal assistive devices to reduce the metabolic cost of running},
	author={Uchida, Thomas K and Seth, Ajay and Pouya, Soha and Dembia, Christopher L and Hicks, Jennifer L and Delp, Scott L},
	journal={PloS one},
	volume={11},
	number={9},
	pages={e0163417},
	year={2016},
	publisher={Public Library of Science San Francisco, CA USA}
}

@article{yong2020foot,
	title={Foot strike pattern during running alters muscle-tendon dynamics of the gastrocnemius and the soleus},
	author={Yong, Jennifer R and Dembia, Christopher L and Silder, Amy and Jackson, Rachel W and Fredericson, Michael and Delp, Scott L},
	journal={Scientific Reports},
	volume={10},
	number={1},
	pages={5872},
	year={2020},
	publisher={Nature Publishing Group UK London}
}

@article{lyght2016effects,
	title={Effects of foot strike and step frequency on Achilles tendon stress during running},
	author={Lyght, Michael and Nockerts, Matthew and Kernozek, Thomas W and Ragan, Robert},
	journal={Journal of applied biomechanics},
	volume={32},
	number={4},
	pages={365--372},
	year={2016},
	publisher={Human Kinetics, Inc.}
}

@article{modica2005metabolic,
	title={Metabolic energy and muscular activity required for leg swing in running},
	author={Modica, Jesse R and Kram, Rodger},
	journal={Journal of Applied Physiology},
	volume={98},
	number={6},
	pages={2126--2131},
	year={2005},
	publisher={American Physiological Society}
}

@article{lai2014tendon,
	title={Tendon elastic strain energy in the human ankle plantar-flexors and its role with increased running speed},
	author={Lai, Adrian and Schache, Anthony G and Lin, Yi-Chung and Pandy, Marcus G},
	journal={Journal of Experimental Biology},
	volume={217},
	number={17},
	pages={3159--3168},
	year={2014},
	publisher={Company of Biologists}
}

@article{farris2012human,
	title={Human medial gastrocnemius force--velocity behavior shifts with locomotion speed and gait},
	author={Farris, Dominic James and Sawicki, Gregory S},
	journal={Proceedings of the National Academy of Sciences},
	volume={109},
	number={3},
	pages={977--982},
	year={2012},
	publisher={National Academy of Sciences}
}

@article{weyand2000faster,
	title={Faster top running speeds are achieved with greater ground forces not more rapid leg movements},
	author={Weyand, Peter G and Sternlight, Deborah B and Bellizzi, Matthew J and Wright, Seth},
	journal={Journal of applied physiology},
	volume={89},
	number={5},
	pages={1991--1999},
	year={2000},
	publisher={American Physiological Society Bethesda, MD}
}

@article{arnold2013muscle,
	title={How muscle fiber lengths and velocities affect muscle force generation as humans walk and run at different speeds},
	author={Arnold, Edith M and Hamner, Samuel R and Seth, Ajay and Millard, Matthew and Delp, Scott L},
	journal={Journal of Experimental Biology},
	volume={216},
	number={11},
	pages={2150--2160},
	year={2013},
	publisher={Company of Biologists}
}

@article{hamner2010muscle,
	title={Muscle contributions to propulsion and support during running},
	author={Hamner, Samuel R and Seth, Ajay and Delp, Scott L},
	journal={Journal of biomechanics},
	volume={43},
	number={14},
	pages={2709--2716},
	year={2010},
	publisher={Elsevier}
}

@article{dembia2017simulating,
	title={Simulating ideal assistive devices to reduce the metabolic cost of walking with heavy loads},
	author={Dembia, Christopher L and Silder, Amy and Uchida, Thomas K and Hicks, Jennifer L and Delp, Scott L},
	journal={PloS one},
	volume={12},
	number={7},
	pages={e0180320},
	year={2017},
	publisher={Public Library of Science San Francisco, CA USA}
}

@article{yagnapparatus,
	title={APPARATUS FOR FACILITATING WALKING, RUNNING, AND JUMPING},
	author={YAGN, N}
}

@article{ong2019predicting,
	title={Predicting gait adaptations due to ankle plantarflexor muscle weakness and contracture using physics-based musculoskeletal simulations},
	author={Ong, Carmichael F and Geijtenbeek, Thomas and Hicks, Jennifer L and Delp, Scott L},
	journal={PLoS computational biology},
	volume={15},
	number={10},
	pages={e1006993},
	year={2019},
	publisher={Public Library of Science San Francisco, CA USA}
}